@misc{wikiiommummu,
  author = {{Input–output memory management unit}},
  title = "Input–output memory management unit --- {W}ikipedia{,} The Free Encyclopedia",
  url = "https://en.wikipedia.org/wiki/Monolithic_kernel",
  note = "[online; accessed 2020-11-14]"
}

